<?xml version="1.0" encoding="UTF-8"?><collection xmlns="http://www.loc.gov/MARC21/slim"><record><leader>00393nam--2200133-i-4500</leader><controlfield tag="001">000026881</controlfield><controlfield tag="002">20161230</controlfield><controlfield tag="005">20161230201036</controlfield><controlfield tag="008">060222s1000------------r-----000-0-eng-d</controlfield><datafield ind1=" " ind2=" " tag="100"><subfield code="a">Knoll, Max., Ruge, Ingolf., Stetter, Gunter</subfield></datafield><datafield ind1=" " ind2=" " tag="245"><subfield code="a">Teilchenzahlung und dosimetrie mit silizium pn + sperrschichten</subfield></datafield><datafield ind1=" " ind2=" " tag="260"><subfield code="a">Koln, Westdeutscher Verlag, 1964, 35p.(-40)P</subfield></datafield><datafield ind1=" " ind2=" " tag="490"><subfield code="a">1295</subfield></datafield><datafield ind1=" " ind2=" " tag="852"><subfield code="a">19772</subfield></datafield></record></collection>